[gd_scene load_steps=9 format=2]

[ext_resource path="res://upwind.gd" type="Script" id=1]
[ext_resource path="res://assets/models/Leaf.mesh" type="ArrayMesh" id=2]

[sub_resource type="Curve" id=5]

min_value = -1.0
max_value = 1.0
bake_resolution = 100
_data = [ Vector2( 0, -1 ), 0.0, 0.0, 0, 0, Vector2( 1, 1 ), 0.0, 0.0, 0, 0 ]

[sub_resource type="CurveTexture" id=6]

flags = 4
width = 2048
curve = SubResource( 5 )
_sections_unfolded = [ "curve" ]

[sub_resource type="Curve" id=1]

min_value = 0.0
max_value = 1.0
bake_resolution = 100
_data = [ Vector2( 0, 0 ), 0.0, 0.0, 0, 0, Vector2( 0.155088, 1 ), 0.0, 0.0, 0, 0, Vector2( 0.857866, 1 ), 0.0, 0.0, 0, 0, Vector2( 1, 0 ), 0.0, 0.0, 0, 0 ]

[sub_resource type="CurveTexture" id=2]

flags = 4
width = 2048
curve = SubResource( 1 )
_sections_unfolded = [ "curve" ]

[sub_resource type="ParticlesMaterial" id=3]

render_priority = 0
trail_divisor = 1
emission_shape = 1
emission_sphere_radius = 13.0
flag_align_y = false
flag_rotate_y = false
flag_disable_z = false
spread = 129.0
flatness = 0.3
gravity = Vector3( 0, 9.8, 0 )
initial_velocity = 1.0
initial_velocity_random = 0.0
angular_velocity = 0.0
angular_velocity_random = 0.0
linear_accel = 0.0
linear_accel_random = 0.0
radial_accel = 2.6
radial_accel_random = 0.5
tangential_accel = 26.0
tangential_accel_random = 0.2
damping = 0.0
damping_random = 0.0
angle = 0.5
angle_random = 1.0
scale = 1.0
scale_random = 0.0
scale_curve = SubResource( 2 )
color = Color( 1, 1, 1, 1 )
hue_variation = 1.0
hue_variation_random = 1.0
hue_variation_curve = SubResource( 6 )
anim_speed = 0.0
anim_speed_random = 0.0
anim_offset = 0.0
anim_offset_random = 0.0
anim_loop = false
_sections_unfolded = [ "Angle", "Angular Velocity", "Damping", "Emission Shape", "Gravity", "Hue Variation", "Initial Velocity", "Radial Accel", "Spread", "Tangential Accel", "hue_variation_curve", "scale_curve" ]

[sub_resource type="CylinderShape" id=4]

margin = 0.04
radius = 25.5754
height = 56.5866

[node name="Spatial" type="Spatial"]
script = ExtResource( 1 )

[node name="Particles" type="Particles" parent="."]
layers = 1
material_override = null
cast_shadow = 1
extra_cull_margin = 0.0
use_in_baked_light = false
lod_min_distance = 0.0
lod_min_hysteresis = 0.0
lod_max_distance = 0.0
lod_max_hysteresis = 0.0
emitting = true
amount = 16
lifetime = 2.0
one_shot = false
preprocess = 0.0
speed_scale = 1.0
explosiveness = 0.0
randomness = 0.0
fixed_fps = 0
fract_delta = true
visibility_aabb = AABB( -4, -4, -4, 8, 8, 8 )
local_coords = true
draw_order = 0
process_material = SubResource( 3 )
draw_passes = 1
draw_pass_1 = ExtResource( 2 )
_sections_unfolded = [ "Draw Passes", "Process Material", "process_material" ]

[node name="Area" type="Area" parent="."]
input_ray_pickable = false
input_capture_on_drag = false
space_override = 0
gravity_point = false
gravity_distance_scale = 0.0
gravity_vec = Vector3( 0, -1, 0 )
gravity = 9.8
linear_damp = 0.1
angular_damp = 1.0
priority = 0.0
monitoring = true
monitorable = true
collision_layer = 1
collision_mask = 1
audio_bus_override = false
audio_bus_name = "Master"
reverb_bus_enable = false
reverb_bus_name = "Master"
reverb_bus_amount = 0.0
reverb_bus_uniformity = 0.0

[node name="CollisionShape" type="CollisionShape" parent="Area"]
transform = Transform( 1, 0, 0, 0, 1, 0, 0, 0, 1, 0, 5.29909, 0 )
shape = SubResource( 4 )
disabled = false

[connection signal="body_entered" from="Area" to="." method="_on_Area_body_entered"]
